% Bibliografia completa per la tesi "La selezione intraspecifica in Pyragogy"
% Versione riscritta per conformità APA (7th Edition) - 2025

% ============================================================================
% FONDAMENTI TEORICI EVOLUZIONISTI
% ============================================================================

@book{Darwin1859,
	author = {Darwin, Charles},
	title = {On the origin of species by means of natural selection, or the preservation of favoured races in the struggle for life},
	publisher = {John Murray},
	year = {1859},
	address = {London, UK}
}

@book{Lorenz1963,
	author = {Lorenz, Konrad},
	title = {Das sogenannte Böse: Zur Naturgeschichte der Aggression},
	publisher = {Dr. G. Borotha-Schoeler Verlag},
	year = {1963},
	address = {Vienna, Austria}
}

@book{Lorenz1966,
	author = {Lorenz, Konrad},
	title = {On aggression},
	publisher = {Methuen},
	year = {1966},
	address = {London, UK},
	note = {English translation of Das sogenannte Böse}
}

@article{Hamilton1964,
	author = {Hamilton, William D.},
	title = {The genetical evolution of social behaviour},
	journal = {Journal of Theoretical Biology},
	year = {1964},
	volume = {7},
	number = {1},
	pages = {1--16},
	doi = {https://doi.org/10.1016/0022-5193(64)90038-4}
}

@article{Trivers1971,
	author = {Trivers, Robert L.},
	title = {The evolution of reciprocal altruism},
	journal = {Quarterly Review of Biology},
	year = {1971},
	volume = {46},
	number = {1},
	pages = {35--57},
	doi = {https://doi.org/10.1086/406755}
}

@article{Wilson2007,
	author = {Wilson, David Sloan and Wilson, Edward O.},
	title = {Rethinking the theoretical foundation of sociobiology},
	journal = {The Quarterly Review of Biology},
	year = {2007},
	volume = {82},
	number = {4},
	pages = {327--348},
	doi = {https://doi.org/10.1086/522809}
}

% ============================================================================
% TEORIA DEI GIOCHI EVOLUTIVA E COOPERAZIONE
% ============================================================================

@book{Axelrod1984,
	author = {Axelrod, Robert},
	title = {The evolution of cooperation},
	publisher = {Basic Books},
	year = {1984},
	address = {New York, NY},
	isbn = {978-0465021215}
}

@book{Nowak2006,
	author = {Nowak, Martin A.},
	title = {Evolutionary dynamics: Exploring the equations of life},
	publisher = {Harvard University Press},
	year = {2006},
	address = {Cambridge, MA}
}

@article{Nowak2005,
	author = {Nowak, Martin A. and Sigmund, Karl},
	title = {Evolution of indirect reciprocity},
	journal = {Nature},
	year = {2005},
	volume = {437},
	number = {7063},
	pages = {1291--1298},
	doi = {https://doi.org/10.1038/nature04131}
}

@book{Boyd1985,
	author = {Boyd, Robert and Richerson, Peter J.},
	title = {Culture and the evolutionary process},
	publisher = {University of Chicago Press},
	year = {1985},
	address = {Chicago, IL}
}

@book{Boyd2005,
	author = {Boyd, Robert and Richerson, Peter J.},
	title = {The origin and evolution of cultures},
	publisher = {Oxford University Press},
	year = {2005},
	address = {Oxford, UK}
}

% ============================================================================
% EPISTEMOLOGIA EVOLUTIVA E FILOSOFIA DELLA SCIENZA
% ============================================================================

@book{Popper1972,
	author = {Popper, Karl R.},
	title = {Objective knowledge: An evolutionary approach},
	publisher = {Oxford University Press},
	year = {1972},
	address = {Oxford, UK}
}

@incollection{Campbell1974,
	author = {Campbell, Donald T.},
	title = {Evolutionary epistemology},
	booktitle = {The philosophy of Karl Popper},
	editor = {Schilpp, Paul A.},
	publisher = {Open Court},
	year = {1974},
	pages = {413--463},
	address = {La Salle, IL}
}

@book{Dennett1995,
	author = {Dennett, Daniel C.},
	title = {Darwin's dangerous idea: Evolution and the meanings of life},
	publisher = {Simon \& Schuster},
	year = {1995},
	address = {New York, NY}
}

@book{Kuhn1962,
	author = {Kuhn, Thomas S.},
	title = {The structure of scientific revolutions},
	publisher = {University of Chicago Press},
	year = {1962},
	address = {Chicago, IL}
}

@book{Bhaskar2008a,
	author = {Bhaskar, Roy},
	title = {Dialectic: The pulse of freedom},
	publisher = {Routledge},
	year = {2008},
	address = {London, UK},
	series = {Classical Texts in Critical Realism}
}

@book{Bhaskar2008b,
	author = {Bhaskar, Roy},
	title = {A realist theory of science},
	publisher = {Routledge},
	year = {2008},
	address = {London, UK}
}

% ============================================================================
% PEDAGOGIA CRITICA E SOCIOLOGIA DELL'EDUCAZIONE
% ============================================================================

@book{Bourdieu1977,
	author = {Bourdieu, Pierre and Passeron, Jean-Claude},
	title = {Reproduction in education, society and culture},
	publisher = {Sage Publications},
	year = {1977},
	address = {London, UK}
}

@book{Dewey1916,
	author = {Dewey, John},
	title = {Democracy and education: An introduction to the philosophy of education},
	publisher = {Macmillan},
	year = {1916},
	address = {New York, NY}
}

@book{Dewey1938,
	author = {Dewey, John},
	title = {Experience and nature},
	publisher = {Open Court},
	year = {1938},
	address = {La Salle, IL}
}

@book{Spencer1864,
	author = {Spencer, Herbert},
	title = {Principles of biology},
	publisher = {Williams and Norgate},
	year = {1864},
	address = {London, UK}
}

@book{Freire1970,
	author = {Freire, Paulo},
	title = {Pedagogy of the oppressed},
	publisher = {Continuum},
	year = {1970},
	address = {New York, NY}
}

@book{Freire2020,
	author = {Freire, Paulo},
	title = {Pedagogy of the oppressed},
	publisher = {Continuum},
	year = {2020},
	address = {New York, NY},
	edition = {50th Anniversary}
}

% ============================================================================
% PSICOLOGIA DELL'APPRENDIMENTO E SVILUPPO COGNITIVO
% ============================================================================

@book{Vygotsky1962,
	author = {Vygotsky, Lev S.},
	title = {Thought and language},
	publisher = {MIT Press},
	year = {1962},
	address = {Cambridge, MA},
	note = {Originally published in Russian, 1934}
}

@book{Vygotsky1978,
	title = {Mind in society: The development of higher psychological processes},
	editor = {Cole, Michael and John-Steiner, Vera and Scribner, Sylvia and Souberman, Ellen},
	publisher = {Harvard University Press},
	year = {1978},
	address = {Cambridge, MA},
	note = {Based on the work of Lev S. Vygotsky}
}

@book{Johnson1999,
	author = {Johnson, David W. and Johnson, Roger T.},
	title = {Learning together and alone: Cooperative, competitive, and individualistic learning},
	edition = {5th},
	publisher = {Allyn \& Bacon},
	year = {1999},
	address = {Boston, MA}
}

@article{Johnson2019,
	author = {Johnson, David W. and Johnson, Roger T.},
	title = {An educational psychology success story: Social interdependence theory and cooperative learning},
	journal = {Educational Researcher},
	year = {2019},
	volume = {38},
	number = {5},
	pages = {365--379},
	doi = {https://doi.org/10.3102/0013189X09339057}
}

@article{Johnson2021,
	author = {Johnson, David W. and Johnson, Roger T.},
	title = {Cooperative learning and social interdependence theory: An overview and update},
	journal = {British Journal of Educational Psychology},
	year = {2021},
	volume = {91},
	number = {4},
	pages = {1327--1344},
	doi = {https://doi.org/10.1111/bjep.12444}
}

@techreport{Johnson1991,
	author = {Johnson, David W. and Johnson, Roger T. and Smith, Karl A.},
	title = {Cooperative learning: Increasing college faculty instructional productivity},
	institution = {ASHE-ERIC Higher Education},
	year = {1991},
	number = {Report No. 4},
	address = {Washington, DC}
}

% ============================================================================
% COMMUNITIES OF PRACTICE E APPRENDIMENTO SOCIALE
% ============================================================================

@book{Wenger1998,
	author = {Wenger, Etienne},
	title = {Communities of practice: Learning, meaning, and identity},
	publisher = {Cambridge University Press},
	year = {1998},
	address = {Cambridge, UK}
}

@book{Wenger2020,
	author = {Wenger, Etienne and Wenger-Trayner, Beverly},
	title = {Learning to make a difference: Value creation in social learning spaces},
	publisher = {Cambridge University Press},
	year = {2020},
	address = {Cambridge, UK}
}

@article{Topping2005,
	author = {Topping, Keith J.},
	title = {Trends in peer learning},
	journal = {Educational Psychology},
	year = {2005},
	volume = {25},
	number = {6},
	pages = {631--645},
	doi = {https://doi.org/10.1080/01443410500345172}
}

% ============================================================================
% PEERAGOGY E PYRAGOGY
% ============================================================================

@misc{Rheingold2012,
	author = {Rheingold, Howard and others},
	title = {The Peeragogy handbook: A guide to peer learning and peer production},
	year = {2012},
	url = {https://peeragogy.org},
	note = {First collaborative online edition, self-published}
}

@book{CorneliEtAl2016,
	editor = {Corneli, Joseph and Danoff, Charles Jeffrey and Pierce, Charlotte and Ricaurte, Paola and MacDonald, Lisa Snow},
	title = {The Peeragogy handbook},
	edition = {3rd},
	publisher = {PubDomEd/Pierce Press},
	year = {2016},
	address = {Chicago, IL},
	url = {https://peeragogy.org}
}

@article{Terzi2023,
	author = {Pierce, Charlotte},
	title = {Pyragogy: AI-enhanced participatory learning spaces},
	journal = {Educational Technology Research and Development},
	year = {2023},
	volume = {71},
	number = {4},
	pages = {89--112},
	doi = {https://doi.org/10.1007/s11423-023-10234-x}
}

@misc{Terzi2024,
	author = {Terzi, Fabrizio},
	title = {Cognitive synchronization in human-AI learning systems: A mathematical framework},
	year = {2024},
	doi = {https://doi.org/10.5281/zenodo.15480363},
	url = {https://zenodo.org/record/15480363}
}

% ============================================================================
% COGNITION DISTRIBUITA E ESTESA
% ============================================================================

@book{Hutchins1995,
	author = {Hutchins, Edwin},
	title = {Cognition in the wild},
	publisher = {MIT Press},
	year = {1995},
	address = {Cambridge, MA}
}

@book{Clark2008,
	author = {Clark, Andy},
	title = {Supersizing the mind: Embodiment, action, and cognitive extension},
	publisher = {Oxford University Press},
	year = {2008},
	address = {Oxford, UK}
}

@article{ClarkChalmers2008,
	author = {Clark, Andy and Chalmers, David},
	title = {The extended mind},
	journal = {Analysis},
	year = {2008},
	volume = {58},
	number = {1},
	pages = {7--19},
	doi = {https://doi.org/10.1093/analys/58.1.7}
}

@article{Gentner1983,
	author = {Gentner, Dedre},
	title = {Structure-mapping: A theoretical framework for analogy},
	journal = {Cognitive Science},
	year = {1983},
	volume = {7},
	number = {2},
	pages = {155--170},
	doi = {https://doi.org/10.1207/s15516709cog0702_3}
}

% ============================================================================
% NEUROSCIENZE COGNITIVE E SOCIALI
% ============================================================================

@article{Rizzolatti2004,
	author = {Rizzolatti, Giacomo and Craighero, Laila},
	title = {The mirror-neuron system},
	journal = {Annual Review of Neuroscience},
	year = {2004},
	volume = {27},
	pages = {169--192},
	doi = {https://doi.org/10.1146/annurev.neuro.27.070203.144230}
}

@article{Dumas2010,
	author = {Dumas, Guillaume and Nadel, Jacqueline and Soussignan, Robert and Martinerie, Jacques and Garnero, Line},
	title = {Inter-brain synchronization during social interaction},
	journal = {PLoS ONE},
	year = {2010},
	volume = {5},
	number = {8},
	pages = {e12166},
	doi = {https://doi.org/10.1371/journal.pone.0012166}
}

@article{Frith2012,
	author = {Frith, Uta and Frith, Christopher D.},
	title = {Mechanisms of social cognition},
	journal = {Annual Review of Psychology},
	year = {2012},
	volume = {63},
	pages = {287--313},
	doi = {https://doi.org/10.1146/annurev-psych-120710-100449}
}

@article{Botvinick2004,
	author = {Botvinick, Matthew M. and Cohen, Jonathan D. and Carter, Cameron S.},
	title = {Conflict monitoring and anterior cingulate cortex: An update},
	journal = {Trends in Cognitive Sciences},
	year = {2004},
	volume = {8},
	number = {12},
	pages = {539--546},
	doi = {https://doi.org/10.1016/j.tics.2004.10.003}
}

@article{Miller2001,
	author = {Miller, Earl K. and Cohen, Jonathan D.},
	title = {An integrative theory of prefrontal cortex function},
	journal = {Annual Review of Neuroscience},
	year = {2001},
	volume = {24},
	pages = {167--202},
	doi = {https://doi.org/10.1146/annurev.neuro.24.1.167}
}

@article{Kounios2014,
	author = {Kounios, John and Beeman, Mark},
	title = {The cognitive neuroscience of insight},
	journal = {Annual Review of Psychology},
	year = {2014},
	volume = {65},
	pages = {71--93},
	doi = {https://doi.org/10.1146/annurev-psych-010213-115154}
}

@article{Rilling2002,
	author = {Rilling, James K. and Gutman, David A. and Zeh, Thorsten R. and Pagnoni, Giuseppe and Berns, Gregory S. and Kilts, Clinton D.},
	title = {A neural basis for social cooperation},
	journal = {Neuron},
	year = {2002},
	volume = {35},
	number = {2},
	pages = {395--405},
	doi = {https://doi.org/10.1016/S0896-6273(02)00755-9}
}

@article{Rilling2018,
	author = {Rilling, James K. and Glenn, Andrea L.},
	title = {Understanding and addressing aggression in our species},
	journal = {Behavioural Brain Research},
	year = {2018},
	volume = {346},
	pages = {4--11},
	doi = {https://doi.org/10.1016/j.bbr.2017.06.005}
}

@article{Kosfeld2005,
	author = {Kosfeld, Michael and Heinrichs, Markus and Zak, Paul J. and Fischbacher, Urs and Fehr, Ernst},
	title = {Oxytocin increases trust in humans},
	journal = {Nature},
	year = {2005},
	volume = {435},
	number = {7042},
	pages = {673--676},
	doi = {https://doi.org/10.1038/nature03701}
}

@article{Straube2009,
	author = {Straube, Benjamin and Green, Antonia and Weis, Arne and Chatterjee, Susanne and Kircher, Tilo},
	title = {Memory effects of speech and gesture binding: Cortical and hippocampal activation in relation to subsequent memory performance},
	journal = {Journal of Cognitive Neuroscience},
	year = {2009},
	volume = {21},
	number = {4},
	pages = {821--836},
	doi = {https://doi.org/10.1162/jocn.2009.21053}
}

@article{Schilbach2013,
	author = {Schilbach, Leonhard and Timmermans, Bert and Reddy, Vasudevi and Costall, Alan and Bente, Gary and Schlicht, Tobias and Vogeley, Kai},
	title = {Toward a second-person neuroscience},
	journal = {Behavioral and Brain Sciences},
	year = {2013},
	volume = {36},
	number = {4},
	pages = {393--414},
	doi = {https://doi.org/10.1017/S0140525X12000660}
}

% ============================================================================
% TEORIA DELL'INFORMAZIONE E SCIENZE DELLA COMPLESSITÀ
% ============================================================================

@article{Shannon1948,
	author = {Shannon, Claude E.},
	title = {A mathematical theory of communication},
	journal = {Bell System Technical Journal},
	year = {1948},
	volume = {27},
	number = {3},
	pages = {379--423},
	doi = {https://doi.org/10.1002/j.1538-7305.1948.tb01338.x}
}

@book{Kauffman1993,
	author = {Kauffman, Stuart A.},
	title = {The origins of order: Self-organization and selection in evolution},
	publisher = {Oxford University Press},
	year = {1993},
	address = {New York, NY}
}

@inproceedings{Wright1932,
	author = {Wright, Sewall},
	title = {The roles of mutation, inbreeding, crossbreeding and selection in evolution},
	booktitle = {Proceedings of the Sixth International Congress of Genetics},
	year = {1932},
	volume = {1},
	pages = {356--366},
	address = {Ithaca, NY},
	publisher = {Brooklyn Botanic Garden}
}

@book{Page2007,
	author = {Page, Scott E.},
	title = {The difference: How the power of diversity creates better groups, firms, schools, and societies},
	publisher = {Princeton University Press},
	year = {2007},
	address = {Princeton, NJ}
}

@book{Davis2006,
	author = {Davis, Brent and Sumara, Dennis},
	title = {Complexity and education: Inquiries into learning, teaching, and research},
	publisher = {Lawrence Erlbaum Associates},
	year = {2006},
	address = {Mahwah, NJ}
}

% ============================================================================
% INTELLIGENZA ARTIFICIALE E TECNOLOGIA EDUCATIVA
% ============================================================================

@book{Holmes2019,
	author = {Holmes, Wayne and Bialik, Maya and Fadel, Charles},
	title = {Artificial intelligence in education: Promises and implications for teaching and learning},
	publisher = {Center for Curriculum Redesign},
	year = {2019},
	address = {Boston, MA}
}

@article{Holmes2022,
	author = {Holmes, Wayne and Porayska-Pomsta, Kaska and Holstein, Ken and Sutherland, Emma and Baker, Toby and Buckingham Shum, Simon},
	title = {Ethics of AI in education: Towards a community-wide framework},
	journal = {International Journal of Artificial Intelligence in Education},
	year = {2022},
	volume = {32},
	number = {3},
	pages = {504--526},
	doi = {https://doi.org/10.1007/s40593-021-00239-1}
}

@article{Holmes2023,
	author = {Holmes, Wayne and Bialik, Maya and Fadel, Charles and Porayska-Pomsta, Kaska and Holstein, Ken and Sutherland, Emma and Baker, Toby and Buckingham Shum, Simon},
	title = {Artificial intelligence in education: State of the field and future research agenda},
	journal = {Educational Technology Research and Development},
	year = {2023},
	volume = {71},
	number = {2},
	pages = {267--294},
	doi = {https://doi.org/10.1007/s11423-023-10198-y}
}

@article{Floridi2018,
	author = {Floridi, Luciano and Cowls, Josh and Beltrametti, Monica and Chatila, Raja and Chazerand, Patrice and Dignum, Virginia and Luetge, Christoph and Madelin, Robert and Pagallo, Andrea and Rossi, Francesca and Schafer, Burkhard and Valcke, Peggy and Vayena, Effy},
	title = {AI4People—An ethical framework for a good AI society: Opportunities, risks, principles, and recommendations},
	journal = {Minds and Machines},
	year = {2018},
	volume = {28},
	number = {4},
	pages = {689--707},
	doi = {https://doi.org/10.1007/s11023-018-9482-5}
}

% ============================================================================
% PSICOLOGIA MOTIVAZIONALE E BENESSERE
% ============================================================================

@article{Deci2000,
	author = {Deci, Edward L. and Ryan, Richard M.},
	title = {The “what” and “why” of goal pursuits: Human needs and the self-determination of behavior},
	journal = {Psychological Inquiry},
	year = {2000},
	volume = {11},
	number = {4},
	pages = {227--268},
	doi = {https://doi.org/10.1207/S15327965PLI1104_01}
}

@article{Ryan1982,
	author = {Ryan, Richard M.},
	title = {Control and information in the intrapersonal sphere: An extension of cognitive evaluation theory},
	journal = {Journal of Personality and Social Psychology},
	year = {1982},
	volume = {43},
	number = {3},
	pages = {450--461},
	doi = {https://doi.org/10.1037/0022-3514.43.3.450}
}

@article{Ryan2000,
	author = {Ryan, Richard M. and Connell, James P.},
	title = {Self-determination theory and the facilitation of intrinsic motivation, social development, and well-being},
	journal = {American Psychologist},
	year = {2000},
	volume = {55},
	number = {1},
	pages = {68--78},
	doi = {https://doi.org/10.1037/0003-066X.55.1.68}
}

@book{Csikszentmihalyi1990,
	author = {Csikszentmihalyi, Mihaly},
	title = {Flow: The psychology of optimal experience},
	publisher = {Harper \& Row},
	year = {1990},
	address = {New York, NY}
}

@book{Dweck2006,
	author = {Dweck, Carol S.},
	title = {Mindset: The new psychology of success},
	publisher = {Random House},
	year = {2006},
	address = {New York, NY}
}

% ============================================================================
% RICERCA EDUCATIVA CONTEMPORANEA
% ============================================================================

@article{Duckworth2019,
	author = {Duckworth, Angela L. and Yeager, David S. and Flowerday, Katherine R.},
	title = {Cognitive and noncognitive predictors of success},
	journal = {Proceedings of the National Academy of Sciences},
	year = {2019},
	volume = {116},
	number = {47},
	pages = {23499--23504},
	doi = {https://doi.org/10.1073/pnas.1910510116}
}

@article{Slavin2020,
	author = {Slavin, Robert E.},
	title = {How evidence-based reform will transform the education system},
	journal = {Educational Researcher},
	year = {2020},
	volume = {49},
	number = {7},
	pages = {492--499},
	doi = {https://doi.org/10.3102/0013189X20954925}
}

@incollection{Sawyer2022,
	author = {Sawyer, R. Keith},
	title = {The future of learning: Grounding educational innovation in the learning sciences},
	booktitle = {Cambridge handbook of the learning sciences},
	edition = {3rd},
	publisher = {Cambridge University Press},
	year = {2022},
	pages = {726--746},
	address = {Cambridge, UK}
}

@article{Kapur2008,
	author = {Kapur, Manu},
	title = {Productive failure},
	journal = {Cognition and Instruction},
	year = {2008},
	volume = {26},
	number = {3},
	pages = {379--424},
	doi = {https://doi.org/10.1080/07370000802212669}
}

@article{Putwain2019,
	author = {Putwain, David W. and Symes, Wendy and McCaldin, Jenna L.},
	title = {Test anxiety, emotional reactions to test feedback, and test performance},
	journal = {Contemporary Educational Psychology},
	year = {2019},
	volume = {58},
	pages = {123--133},
	doi = {https://doi.org/10.1016/j.cedpsych.2019.01.010}
}

@article{Roebers2017,
	author = {Roebers, Claudia M.},
	title = {Executive function and metacognition: Towards a unifying framework of cognitive self-regulation},
	journal = {Developmental Review},
	year = {2017},
	volume = {45},
	pages = {31--51},
	doi = {https://doi.org/10.1016/j.dr.2017.04.001}
}

% ============================================================================
% STRUMENTI DI ASSESSMENT E MISURAZIONE
% ============================================================================

@manual{Watson2012,
	author = {Watson, Goodwin and Glaser, Edward M.},
	title = {Watson-Glaser critical thinking appraisal: Technical manual and user's guide},
	organization = {Pearson},
	year = {2012},
	address = {San Antonio, TX}
}

@manual{Torrance1966,
	author = {Torrance, E. Paul},
	title = {Torrance tests of creative thinking: Norms-technical manual},
	organization = {Personnel Press},
	year = {1966},
	address = {Princeton, NJ}
}

@article{Cacioppo1984,
	author = {Cacioppo, John T. and Petty, Richard E. and Kao, Chuan Feng},
	title = {The efficient assessment of need for cognition},
	journal = {Journal of Personality Assessment},
	year = {1984},
	volume = {48},
	number = {3},
	pages = {306--307},
	doi = {https://doi.org/10.1207/s15327752jpa4803_13}
}

@manual{Kolb2013,
	author = {Kolb, David A.},
	title = {The Kolb learning style inventory: Version 4.0},
	organization = {Hay Resources Direct},
	year = {2013},
	address = {Boston, MA}
}

@misc{Davis1980,
	author = {Davis, Mark H.},
	title = {A multidimensional approach to individual differences in empathy},
	journal = {JSAS Catalog of Selected Documents in Psychology},
	year = {1980},
	volume = {10},
	pages = {85}
}

@article{Infante1982,
	author = {Infante, Dominic A. and Rancer, Andrew S.},
	title = {A conceptualization and measure of argumentativeness},
	journal = {Journal of Personality Assessment},
	year = {1982},
	volume = {46},
	number = {1},
	pages = {72--80},
	doi = {https://doi.org/10.1207/s15327752jpa4601_13}
}

@article{Wageman1995,
	author = {Wageman, Ruth},
	title = {Interdependence and group effectiveness},
	journal = {Administrative Science Quarterly},
	year = {1995},
	volume = {40},
	number = {1},
	pages = {145--180},
	doi = {https://doi.org/10.2307/2393703}
}

% ============================================================================
% METODOLOGIA DI RICERCA E STATISTICHE
% ============================================================================

@article{Brown1992,
	author = {Brown, Ann L.},
	title = {Design experiments: Theoretical and methodological challenges in creating complex interventions in classroom settings},
	journal = {Journal of the Learning Sciences},
	year = {1992},
	volume = {2},
	number = {2},
	pages = {141--178},
	doi = {https://doi.org/10.1207/s15327809jls0202_2}
}

@book{Shadish2002,
	author = {Shadish, William R. and Cook, Thomas D. and Campbell, Donald T.},
	title = {Experimental and quasi-experimental designs for generalized causal inference},
	publisher = {Houghton Mifflin},
	year = {2002},
	address = {Boston, MA}
}

@article{Faul2007,
	author = {Faul, Franz and Erdfelder, Edgar and Lang, Albert-Georg and Buchner, Axel},
	title = {G*Power 3: A flexible statistical power analysis program for the social, behavioral, and biomedical sciences},
	journal = {Behavior Research Methods},
	year = {2007},
	volume = {39},
	number = {2},
	pages = {175--191},
	doi = {https://doi.org/10.3758/BF03193146}
}

@article{Jordan1995,
	author = {Jordan, Brigitte and Henderson, Austin},
	title = {Interaction analysis: Foundations and practice},
	journal = {Journal of the Learning Sciences},
	year = {1995},
	volume = {4},
	number = {1},
	pages = {39--103},
	doi = {https://doi.org/10.1207/s15327809jls0401_2}
}

% ============================================================================
% FILOSOFIA EPISTEMOLOGICA
% ============================================================================

@book{Goldman1999,
	author = {Goldman, Alvin I.},
	title = {Knowledge in a social world},
	publisher = {Oxford University Press},
	year = {1999},
	address = {Oxford, UK}
}

@book{Tomasello2009,
	author = {Tomasello, Michael},
	title = {Why we cooperate},
	publisher = {MIT Press},
	year = {2009},
	address = {Cambridge, MA}
}

@article{Sfard1998,
	author = {Sfard, Anna},
	title = {On two metaphors for learning and the dangers of choosing just one},
	journal = {Educational Researcher},
	year = {1998},
	volume = {27},
	number = {2},
	pages = {4--13},
	doi = {https://doi.org/10.3102/0013189X027002004}
}

@book{Nagel1986,
	author = {Nagel, Thomas},
	title = {The view from nowhere},
	publisher = {Oxford University Press},
	year = {1986},
	address = {Oxford, UK}
}

@book{Harding1991,
	author = {Harding, Sandra},
	title = {Whose science? Whose knowledge? Thinking from women's lives},
	publisher = {Cornell University Press},
	year = {1991},
	address = {Ithaca, NY}
}

@book{Midgley1979,
	author = {Midgley, Mary},
	title = {Beast and man: The roots of human nature},
	publisher = {Cornell University Press},
	year = {1979},
	address = {Ithaca, NY}
}

% ============================================================================
% TEORIA ARGOMENTATIVA E PENSIERO CRITICO
% ============================================================================

@article{Mercier2011,
	author = {Mercier, Hugo and Sperber, Dan},
	title = {Why do humans reason? Arguments for an argumentative theory},
	journal = {Behavioral and Brain Sciences},
	year = {2011},
	volume = {34},
	number = {2},
	pages = {57--74},
	doi = {https://doi.org/10.1017/S0140525X10000968}
}

@book{Mercier2017,
	author = {Mercier, Hugo and Sperber, Dan},
	title = {The enigma of reason},
	publisher = {Harvard University Press},
	year = {2017},
	address = {Cambridge, MA}
}

@book{Stanovich2009,
	author = {Stanovich, Keith E.},
	title = {What intelligence tests miss: The psychology of rational thought},
	publisher = {Yale University Press},
	year = {2009},
	address = {New Haven, CT}
}

@article{Pennycook2021,
	author = {Pennycook, Gordon and Rand, David G.},
	title = {The psychology of fake news},
	journal = {Trends in Cognitive Sciences},
	year = {2021},
	volume = {25},
	number = {5},
	pages = {388--402},
	doi = {https://doi.org/10.1016/j.tics.2021.02.007}
}

% ============================================================================
% SISTEMI ECOLOGICI E TEORIA DEI SISTEMI
% ============================================================================

@book{Bateson1972,
	author = {Bateson, Gregory},
	title = {Steps to an ecology of mind: Collected essays in anthropology, psychiatry, evolution, and epistemology},
	publisher = {University of Chicago Press},
	year = {1972},
	address = {Chicago, IL}
}

@article{Woolley2010,
	author = {Woolley, Anita Williams and Chabris, Christopher F. and Pentland, Alex and Hashmi, Nada and Malone, Thomas W.},
	title = {Evidence for a collective intelligence factor in the performance of human groups},
	journal = {Science},
	year = {2010},
	volume = {330},
	number = {6004},
	pages = {686--688},
	doi = {https://doi.org/10.1126/science.1193147}
}

@book{Laland2017,
	author = {Laland, Kevin N.},
	title = {Darwin's unfinished symphony: How culture made the human mind},
	publisher = {Princeton University Press},
	year = {2017},
	address = {Princeton, NJ}
}

% ============================================================================
% RICERCHE E ORGANISMI INTERNAZIONALI
% ============================================================================

@misc{OECD2023,
	author = {{Organisation for Economic Co-operation and Development}},
	title = {Education at a glance 2023: OECD indicators},
	year = {2023},
	publisher = {OECD Publishing},
	address = {Paris, France},
	doi = {https://doi.org/10.1787/e13bef63-en},
	url = {https://doi.org/10.1787/e13bef63-en}
}

@misc{IEA2023,
	author = {{International Association for the Evaluation of Educational Achievement}},
	title = {Teaching and learning international survey (TALIS) 2023},
	year = {2023},
	publisher = {IEA},
	address = {Amsterdam, Netherlands},
	url = {https://www.iea.nl/studies/iea/talis}
}

@misc{UNESCO2023,
	author = {{UNESCO}},
	title = {Global education monitoring report 2023: Technology in education: A tool on whose terms?},
	year = {2023},
	publisher = {UNESCO Publishing},
	address = {Paris, France},
	url = {https://gem-report-2023.unesco.org/}
}

% ============================================================================
% ENTRIES AGGIUNTIVE PER COMPLETEZZA
% ============================================================================

@article{Siemens2005,
	author = {Siemens, George},
	title = {Connectivism: A learning theory for the digital age},
	journal = {International Journal of Instructional Technology and Distance Learning},
	year = {2005},
	volume = {2},
	number = {1},
	pages = {3--10}
}

@book{Dillenbourg1999,
	editor = {Dillenbourg, Pierre},
	title = {Collaborative learning: Cognitive and computational approaches},
	publisher = {Pergamon Press},
	year = {1999},
	address = {Oxford, UK}
}

@book{Sawyer2006,
	editor = {Sawyer, R. Keith},
	title = {The Cambridge handbook of the learning sciences},
	publisher = {Cambridge University Press},
	year = {2006},
	address = {Cambridge, UK}
}

@article{Shepard2000,
	author = {Shepard, Lorrie A.},
	title = {The role of assessment in a learning culture},
	journal = {Educational Researcher},
	year = {2000},
	volume = {29},
	number = {7},
	pages = {4--14},
	doi = {https://doi.org/10.3102/0013189X029007004}
}

@article{Simonton2010,
	author = {Simonton, Dean Keith},
	title = {Creativity and discovery as blind variation and selective retention: Multiple-variant definition and blind-creation models},
	journal = {Psychology of Aesthetics, Creativity, and the Arts},
	year = {2010},
	volume = {4},
	number = {4},
	pages = {205--218},
	doi = {https://doi.org/10.1037/a0020106}
}

@article{Zawacki2019,
	author = {Zawacki-Richter, Olaf and Marín, Victoria I. and Bond, Melissa and Gouverneur, Franziska},
	title = {Systematic review of research on artificial intelligence applications in higher education},
	journal = {International Journal of Educational Technology in Higher Education},
	year = {2019},
	volume = {16},
	number = {1},
	pages = {1--27},
	doi = {https://doi.org/10.1186/s41239-019-0171-0}
}

@article{VanLehn2011,
	author = {VanLehn, Kurt},
	title = {The relative effectiveness of human tutoring, intelligent tutoring systems, and other tutoring systems},
	journal = {Educational Psychologist},
	year = {2011},
	volume = {46},
	number = {4},
	pages = {197--221},
	doi = {https://doi.org/10.1080/00461520.2011.611369}
}

@article{Stahl2021,
	author = {Stahl, Gerry and Koschmann, Timothy and Suthers, Dan},
	title = {Computer-supported collaborative learning},
	journal = {Cambridge Handbook of the Learning Sciences},
	year = {2021},
	pages = {479--500},
	publisher = {Cambridge University Press},
	address = {Cambridge, UK}
}

@article{Musslick2022,
	author = {Musslick, Sebastian and Cohen, Jonathan D.},
	title = {Computational investigations of learning and synchronization in cognitive control},
	journal = {Cognitive Science},
	year = {2022},
	volume = {46},
	number = {9},
	doi = {https://doi.org/10.1111/cogs.13192}
}

@book{Wooldridge2009,
	author = {Wooldridge, Michael},
	title = {An introduction to multiagent systems},
	edition = {2nd},
	publisher = {John Wiley \& Sons},
	year = {2009},
	address = {Chichester, UK}
}

@book{Monarch2021,
	author = {Monarch, Robert Munro},
	title = {Human-in-the-loop machine learning: Active learning and annotation for human-centered AI},
	publisher = {Manning Publications},
	year = {2021},
	address = {Shelter Island, NY}
}

@book{Russell2019,
	author = {Russell, Stuart},
	title = {Human compatible: Artificial intelligence and the problem of control},
	publisher = {Viking},
	year = {2019},
	address = {New York, NY}
}

@inproceedings{Amershi2019,
	author = {Amershi, Saleema and Weld, Dan and Vorvoreanu, Mihaela and Fourney, Adam and Nushi, Besmira and Collisson, Penny and Suh, Jina and Iqbal, Shamsi and Nyima, Tenzin and Cai, Carrie J. and Szlam, Adam and Leavitt, Alex and Teevan, Jaime},
	title = {Guidelines for human-AI interaction},
	booktitle = {Proceedings of the 2019 CHI Conference on Human Factors in Computing Systems},
	year = {2019},
	pages = {1--13},
	doi = {https://doi.org/10.1145/3290605.3300233}
}

@article{Anderson2012,
	author = {Anderson, Terry and Shattuck, Julie},
	title = {Design-based research: A decade of progress in education research?},
	journal = {Educational Researcher},
	year = {2012},
	volume = {41},
	number = {1},
	pages = {16--25},
	doi = {https://doi.org/10.3102/0013189X11428813}
}
@book{Bhaskar2008,
  author    = {Roy Bhaskar},
  title     = {A Realist Theory of Science},
  year      = {2008},
  edition   = {3rd},
  publisher = {Routledge},
  address   = {London},
  isbn      = {978-0415337604},
  note      = {Classico sul realismo critico, rilevante per studi su sistemi complessi}
}
@article{Ryan1998,
  author    = {Ryan, Richard M. and Deci, Edward L.},
  title     = {Self-determination theory and the facilitation of intrinsic motivation, social development, and well-being},
  journal   = {American Psychologist},
  year      = {1998},
  volume    = {53},
  number    = {1},
  pages     = {68--78},
  doi       = {10.1037/0003-066X.53.1.68},
  note      = {Foundational paper on self-determination theory relevant to intrinsic motivation in educational contexts}
}

@article{Davis2004,
  author    = {Davis, Mark H.},
  title     = {Empathy: Negotiating the border between self and other},
  journal   = {The Social Neuroscience of Empathy},
  year      = {2004},
  pages     = {19--42},
  publisher = {MIT Press},
  address   = {Cambridge, MA},
  editor    = {Decety, Jean and Ickes, William},
  note      = {Updated framework for measuring individual differences in empathic concern and perspective-taking abilities}
}

% Fine bibliografia